<?xml version="1.0" encoding="UTF-8"?><collection xmlns="http://www.loc.gov/MARC21/slim"><record><leader>00465nam--2200157-i-4500</leader><controlfield tag="001">000014210</controlfield><controlfield tag="002">20161230</controlfield><controlfield tag="005">20170118234708</controlfield><controlfield tag="008">060222s1000------------r-----000-0-eng-d</controlfield><datafield ind1=" " ind2=" " tag="245"><subfield code="a">Digital pattern recognition. Second corrected and updated edition with 59 figures, 1980</subfield></datafield><datafield ind1=" " ind2=" " tag="260"><subfield code="a">Berlin</subfield><subfield code="b">Springer-Verlag</subfield><subfield code="c">1980</subfield></datafield><datafield ind1=" " ind2=" " tag="300"><subfield code="a">XI+234 p</subfield></datafield><datafield ind1=" " ind2=" " tag="490"><subfield code="a">Communication And Cybernetics</subfield></datafield><datafield ind1=" " ind2=" " tag="700"><subfield code="a">Fu, K. S</subfield></datafield><datafield ind1=" " ind2=" " tag="852"><subfield code="a">681.3:681.5.012</subfield></datafield><datafield ind1=" " ind2=" " tag="CAT"><subfield code="a">SYS</subfield><subfield code="c">20170118</subfield><subfield code="h">234708</subfield></datafield></record></collection>